<?xml version="1.0" encoding="UTF-8"?><collection xmlns="http://www.loc.gov/MARC21/slim"><record><leader>00743nam--2200205-i-4500</leader><controlfield tag="001">000010989</controlfield><controlfield tag="002">20161230</controlfield><controlfield tag="005">20161230201029</controlfield><controlfield tag="008">060222s1000------------r-----000-0-fre-d</controlfield><datafield ind1=" " ind2=" " tag="040"><subfield code="a">IFIN-HH</subfield></datafield><datafield ind1=" " ind2=" " tag="041"><subfield code="a">fre</subfield></datafield><datafield ind1=" " ind2=" " tag="080"><subfield code="a">537.311.33(043):546.23(043)</subfield></datafield><datafield ind1="1" ind2=" " tag="100"><subfield code="a">Touraine, A</subfield></datafield><datafield ind1="1" ind2="0" tag="245"><subfield code="a">Caracteristiques courant-tension en regime de charge d espace en presence d une distribution uniforme de pieges. part.ii. application aux r esultats experimentaux des couches minces de selenium amorphe. these</subfield><subfield code="c">A. touraine, c. vautier, d. carles</subfield></datafield><datafield ind1=" " ind2=" " tag="260"><subfield code="a">Rouen</subfield><subfield code="b">Faculte Des Sciences De Rouen</subfield><subfield code="c">1971</subfield></datafield><datafield ind1=" " ind2=" " tag="300"><subfield code="a">/229-239P.</subfield></datafield><datafield ind1=" " ind2=" " tag="490"><subfield code="a">Thin Solid Films</subfield></datafield><datafield ind1="1" ind2=" " tag="700"><subfield code="a">Carles, D</subfield></datafield><datafield ind1=" " ind2=" " tag="852"><subfield code="a">40556</subfield><subfield code="c">537.311.33</subfield></datafield><datafield ind1=" " ind2=" " tag="CAT"><subfield code="a">Sys</subfield><subfield code="c">20110722</subfield><subfield code="h">085032</subfield></datafield></record></collection>